@misc{Ubuntu,
    title     = {Ubuntu technical documentation for developers and IT pros [Электронный ресурс]},
    howpublished = {URL: \url{https://ubuntu.com/tutorials} (дата обращения 25.10.2024)},
}

@misc{AMD,
    title     = {AMD Ryzen 5 5500U Processor [Электронный ресурс]},
    howpublished = {URL: \url{https://www.amd.com/en/products/apu/amd-ryzen-5-5500u} (дата обращения 25.10.2024)},
}

@misc{threads,
    title     = {Потоки. Документация IBM. [Электронный ресурс]},
    howpublished = {URL: \url{https://www.ibm.com/docs/ru/informix-servers/12.10?topic=processors-threads} (дата обращения 25.10.2024)},
}
