@misc{Vinograd,
    title     = {Understanding ‘Winograd Fast Convolution’ [Электронный ресурс]},
    howpublished = {URL: \url{https://medium.com/@dmangla3/understanding-winograd-fast-convolution-a75458744ff} (дата обращения: 05.10.2024)},
}

@misc{Vinograd_modify,
    title     = {Efficient Winograd Convolution [Электронный ресурс]},
    howpublished = { URL: \url{https://arxiv.org/pdf/1901.01965} (дата обращения: 05.10.2024)},
}

@misc{C,
    title     = {C Programming Language [Электронный ресурс]},
    howpublished = {URL: \url{https://devdocs.io/c/} (дата обращения: 05.10.2024)},
}

@misc{C_date,
    title     = {C Date and Time Utilities [Электронный ресурс]},
    howpublished = {URL: \url{https://en.cppreference.com/w/c/chrono} (дата обращения 05.10.2024)},
}

@misc{C_clock,
    title     = {C clock() Documentation [Электронный ресурс]},
    howpublished = {URL: \url{https://en.cppreference.com/w/c/chrono/clock} (дата обращения 05.10.2024)},
}

@misc{STM,
    title     = {STM32F303 PDF Documentation [Электронный ресурс]},
    howpublished = {URL: \url{https://www.st.com/en/microcontrollers-microprocessors/stm32f303/documentation.html} (дата обращения 05.10.2024)},
}

@misc{Intel,
    title     = {Intel® Core™ i5-10300H Processor [Электронный ресурс]},
    howpublished = {URL: \url{https://ark.intel.com/content/www/us/en/ark/products/201839/intel-core-i5-10300h-processor-8m-cache-up-to-4-50-ghz.html} (дата обращения 05.10.2024)},
}

@misc{Windows,
    title = {Windows 10: A Guide for Advanced Users [Электронный ресурс]},
    howpublished = {URL: \url{https://docs.microsoft.com/en-us/windows/security/information-protection/advanced-windows-10-security} (дата обращения: 05.10.2024)},
}


