@article{com_info,
  title={Задача коммивояжера. Вопросы теории},
  author={Меламед, Игорь Ильич and Сергеев, С И and Сигал, Израиль Хаимович},
  journal={Автоматика и телемеханика},
  number={9},
  pages={3--33},
  year={1989},
  publisher={Российская академия наук, Отделение энергетики, машиностроения, механики и~…}
}

@misc{C++,
    title     = {C++ зprogramminglanguage [Электронный ресурс]},
    howpublished = {URL: \url{https://isocpp.org/} (дата обращения 12.11.2024)},
}

@misc{maps,
    title     = {Google Maps [Электронный ресурс]},
    howpublished = {URL: \url{https://www.google.ru/maps/} (дата обращения 20.12.2024)},
}

@article{gamelton,
  title={О числе гамильтоновых циклов в булевом кубе},
  author={Пережогин, Алексей Львович and Потапов, Владимир Николаевич},
  journal={Дискретный анализ и исследование операций},
  volume={8},
  number={2},
  pages={52--62},
  year={2001},
  publisher={Институт математики им. СЛ Соболева Сибирского отделения Российской академии~…}
}

@article{ants,
  title={Муравьиные алгоритмы},
  author={Штовба, СД},
  journal={Exponenta Pro. Математика в приложениях},
  volume={4},
  number={4},
  pages={70--75},
  year={2003}
}


@misc{Ubuntu,
    title     = {Ubuntu technical documentation for developers and IT pros [Электронный ресурс]},
    howpublished = {URL: https://ubuntu.com/tutorials (дата обращения 01.10.2024)},
}

@misc{AMD,
    title     = {AMD Ryzen 5 5500U Processor [Электронный ресурс]},
    howpublished = {https://www.amd.com/en/products/apu/amd-ryzen-5-5500u (дата обращения 01.10.2024)},
}
