@misc{linear_search,
    title     = {Алгоритм линейного поиска [Электронный ресурс]},
    howpublished = {URL: https://kvodo.ru/lineynyiy-poisk.html (дата обращения 01.10.2024)},
}

@misc{binary_search,
    title     = {Алгоритм бинарного поиска [Электронный ресурс]},
    howpublished = {URL: https://ru.hexlet.io/courses/basic-algorithms/lessons/binary-search/theory_unit (дата обращения 01.10.2024)},
}

@misc{python,
    title     = {Язык программирования Python [Электронный ресурс]},
    howpublished = {URL: https://docs.python.org/3/ (дата обращения 01.10.2024)},
}

@misc{python_matplotlib,
    title     = {Библиотека Python matplotlib [Электронный ресурс]},
    howpublished = {URL: https://matplotlib.org/stable/index.html (дата обращения 01.10.2024)},
}

@misc{python_matplotlib_bar,
    title     = {matplotlib, функция bar [Электронный ресурс]},
    howpublished = {URL: https://matplotlib.org/stable/api/\_as\_gen/matplotlib.pyplot.bar.html (дата обращения 01.10.2024)},
}

@misc{Ubuntu,
    title     = {Ubuntu technical documentation for developers and IT pros [Электронный ресурс]},
    howpublished = {URL: https://ubuntu.com/tutorials (дата обращения 01.10.2024)},
}

@misc{AMD,
    title     = {AMD Ryzen 5 5500U Processor [Электронный ресурс]},
    howpublished = {https://www.amd.com/en/products/apu/amd-ryzen-5-5500u (дата обращения 01.10.2024)},
}


